%YAML 1.1
%TAG !u! tag:unity3d.com,2011:
--- !u!1 &3565182492497646323
GameObject:
  m_ObjectHideFlags: 0
  m_CorrespondingSourceObject: {fileID: 0}
  m_PrefabInstance: {fileID: 0}
  m_PrefabAsset: {fileID: 0}
  serializedVersion: 6
  m_Component:
  - component: {fileID: 3589372147148065846}
  m_Layer: 0
  m_Name: Group
  m_TagString: Untagged
  m_Icon: {fileID: 0}
  m_NavMeshLayer: 0
  m_StaticEditorFlags: 0
  m_IsActive: 1
--- !u!4 &3589372147148065846
Transform:
  m_ObjectHideFlags: 0
  m_CorrespondingSourceObject: {fileID: 0}
  m_PrefabInstance: {fileID: 0}
  m_PrefabAsset: {fileID: 0}
  m_GameObject: {fileID: 3565182492497646323}
  m_LocalRotation: {x: -0, y: -0, z: -0, w: 1}
  m_LocalPosition: {x: -12.043213, y: 7.8253174, z: -8.5176735}
  m_LocalScale: {x: 1, y: 1, z: 1}
  m_Children:
  - {fileID: 8434706238279823709}
  - {fileID: 8434706237477454213}
  - {fileID: 8434706236680188330}
  - {fileID: 8434706237054918375}
  m_Father: {fileID: 0}
  m_RootOrder: 0
  m_LocalEulerAnglesHint: {x: 0, y: 0, z: 0}
--- !u!1001 &3491605193651493552
PrefabInstance:
  m_ObjectHideFlags: 0
  serializedVersion: 2
  m_Modification:
    m_TransformParent: {fileID: 3589372147148065846}
    m_Modifications:
    - target: {fileID: -4216859302048453862, guid: 62952489abd994cd19b1da652c090a88,
        type: 3}
      propertyPath: m_LocalPosition.x
      value: 0.01574707
      objectReference: {fileID: 0}
    - target: {fileID: -4216859302048453862, guid: 62952489abd994cd19b1da652c090a88,
        type: 3}
      propertyPath: m_LocalPosition.y
      value: -0.030273438
      objectReference: {fileID: 0}
    - target: {fileID: -4216859302048453862, guid: 62952489abd994cd19b1da652c090a88,
        type: 3}
      propertyPath: m_LocalPosition.z
      value: 0.26475143
      objectReference: {fileID: 0}
    - target: {fileID: -4216859302048453862, guid: 62952489abd994cd19b1da652c090a88,
        type: 3}
      propertyPath: m_LocalRotation.x
      value: -0.27591518
      objectReference: {fileID: 0}
    - target: {fileID: -4216859302048453862, guid: 62952489abd994cd19b1da652c090a88,
        type: 3}
      propertyPath: m_LocalRotation.y
      value: -0.71968675
      objectReference: {fileID: 0}
    - target: {fileID: -4216859302048453862, guid: 62952489abd994cd19b1da652c090a88,
        type: 3}
      propertyPath: m_LocalRotation.z
      value: -0.18846165
      objectReference: {fileID: 0}
    - target: {fileID: -4216859302048453862, guid: 62952489abd994cd19b1da652c090a88,
        type: 3}
      propertyPath: m_LocalRotation.w
      value: 0.60860837
      objectReference: {fileID: 0}
    - target: {fileID: -4216859302048453862, guid: 62952489abd994cd19b1da652c090a88,
        type: 3}
      propertyPath: m_RootOrder
      value: 2
      objectReference: {fileID: 0}
    - target: {fileID: -4216859302048453862, guid: 62952489abd994cd19b1da652c090a88,
        type: 3}
      propertyPath: m_LocalEulerAnglesHint.x
      value: -37.381
      objectReference: {fileID: 0}
    - target: {fileID: -4216859302048453862, guid: 62952489abd994cd19b1da652c090a88,
        type: 3}
      propertyPath: m_LocalEulerAnglesHint.y
      value: -103.69701
      objectReference: {fileID: 0}
    - target: {fileID: -4216859302048453862, guid: 62952489abd994cd19b1da652c090a88,
        type: 3}
      propertyPath: m_LocalEulerAnglesHint.z
      value: 12.187
      objectReference: {fileID: 0}
    - target: {fileID: -4216859302048453862, guid: 62952489abd994cd19b1da652c090a88,
        type: 3}
      propertyPath: m_LocalScale.x
      value: 48.446835
      objectReference: {fileID: 0}
    - target: {fileID: -4216859302048453862, guid: 62952489abd994cd19b1da652c090a88,
        type: 3}
      propertyPath: m_LocalScale.y
      value: 48.44683
      objectReference: {fileID: 0}
    - target: {fileID: -4216859302048453862, guid: 62952489abd994cd19b1da652c090a88,
        type: 3}
      propertyPath: m_LocalScale.z
      value: 48.446827
      objectReference: {fileID: 0}
    - target: {fileID: -1504981713932161579, guid: 62952489abd994cd19b1da652c090a88,
        type: 3}
      propertyPath: m_Materials.Array.data[0]
      value: 
      objectReference: {fileID: 2100000, guid: 6318649e3066648ef897bb1011fcfbc7, type: 2}
    - target: {fileID: -927199367670048503, guid: 62952489abd994cd19b1da652c090a88,
        type: 3}
      propertyPath: m_Name
      value: Skull (72)
      objectReference: {fileID: 0}
    - target: {fileID: -927199367670048503, guid: 62952489abd994cd19b1da652c090a88,
        type: 3}
      propertyPath: m_StaticEditorFlags
      value: 0
      objectReference: {fileID: 0}
    m_RemovedComponents: []
  m_SourcePrefab: {fileID: 100100000, guid: 62952489abd994cd19b1da652c090a88, type: 3}
--- !u!4 &8434706236680188330 stripped
Transform:
  m_CorrespondingSourceObject: {fileID: -4216859302048453862, guid: 62952489abd994cd19b1da652c090a88,
    type: 3}
  m_PrefabInstance: {fileID: 3491605193651493552}
  m_PrefabAsset: {fileID: 0}
--- !u!1001 &3491605194028332541
PrefabInstance:
  m_ObjectHideFlags: 0
  serializedVersion: 2
  m_Modification:
    m_TransformParent: {fileID: 3589372147148065846}
    m_Modifications:
    - target: {fileID: -4216859302048453862, guid: 62952489abd994cd19b1da652c090a88,
        type: 3}
      propertyPath: m_LocalPosition.x
      value: 0.013305664
      objectReference: {fileID: 0}
    - target: {fileID: -4216859302048453862, guid: 62952489abd994cd19b1da652c090a88,
        type: 3}
      propertyPath: m_LocalPosition.y
      value: -0.013244629
      objectReference: {fileID: 0}
    - target: {fileID: -4216859302048453862, guid: 62952489abd994cd19b1da652c090a88,
        type: 3}
      propertyPath: m_LocalPosition.z
      value: 0.5157509
      objectReference: {fileID: 0}
    - target: {fileID: -4216859302048453862, guid: 62952489abd994cd19b1da652c090a88,
        type: 3}
      propertyPath: m_LocalRotation.x
      value: -0.011314962
      objectReference: {fileID: 0}
    - target: {fileID: -4216859302048453862, guid: 62952489abd994cd19b1da652c090a88,
        type: 3}
      propertyPath: m_LocalRotation.y
      value: -0.6963727
      objectReference: {fileID: 0}
    - target: {fileID: -4216859302048453862, guid: 62952489abd994cd19b1da652c090a88,
        type: 3}
      propertyPath: m_LocalRotation.z
      value: -0.15829316
      objectReference: {fileID: 0}
    - target: {fileID: -4216859302048453862, guid: 62952489abd994cd19b1da652c090a88,
        type: 3}
      propertyPath: m_LocalRotation.w
      value: 0.6999146
      objectReference: {fileID: 0}
    - target: {fileID: -4216859302048453862, guid: 62952489abd994cd19b1da652c090a88,
        type: 3}
      propertyPath: m_RootOrder
      value: 3
      objectReference: {fileID: 0}
    - target: {fileID: -4216859302048453862, guid: 62952489abd994cd19b1da652c090a88,
        type: 3}
      propertyPath: m_LocalEulerAnglesHint.x
      value: -13.668
      objectReference: {fileID: 0}
    - target: {fileID: -4216859302048453862, guid: 62952489abd994cd19b1da652c090a88,
        type: 3}
      propertyPath: m_LocalEulerAnglesHint.y
      value: -88.23801
      objectReference: {fileID: 0}
    - target: {fileID: -4216859302048453862, guid: 62952489abd994cd19b1da652c090a88,
        type: 3}
      propertyPath: m_LocalEulerAnglesHint.z
      value: -12.229001
      objectReference: {fileID: 0}
    - target: {fileID: -4216859302048453862, guid: 62952489abd994cd19b1da652c090a88,
        type: 3}
      propertyPath: m_LocalScale.x
      value: 54.38641
      objectReference: {fileID: 0}
    - target: {fileID: -4216859302048453862, guid: 62952489abd994cd19b1da652c090a88,
        type: 3}
      propertyPath: m_LocalScale.y
      value: 54.386406
      objectReference: {fileID: 0}
    - target: {fileID: -4216859302048453862, guid: 62952489abd994cd19b1da652c090a88,
        type: 3}
      propertyPath: m_LocalScale.z
      value: 54.386406
      objectReference: {fileID: 0}
    - target: {fileID: -1504981713932161579, guid: 62952489abd994cd19b1da652c090a88,
        type: 3}
      propertyPath: m_Materials.Array.data[0]
      value: 
      objectReference: {fileID: 2100000, guid: 6318649e3066648ef897bb1011fcfbc7, type: 2}
    - target: {fileID: -927199367670048503, guid: 62952489abd994cd19b1da652c090a88,
        type: 3}
      propertyPath: m_Name
      value: Skull (71)
      objectReference: {fileID: 0}
    - target: {fileID: -927199367670048503, guid: 62952489abd994cd19b1da652c090a88,
        type: 3}
      propertyPath: m_StaticEditorFlags
      value: 0
      objectReference: {fileID: 0}
    m_RemovedComponents: []
  m_SourcePrefab: {fileID: 100100000, guid: 62952489abd994cd19b1da652c090a88, type: 3}
--- !u!4 &8434706237054918375 stripped
Transform:
  m_CorrespondingSourceObject: {fileID: -4216859302048453862, guid: 62952489abd994cd19b1da652c090a88,
    type: 3}
  m_PrefabInstance: {fileID: 3491605194028332541}
  m_PrefabAsset: {fileID: 0}
--- !u!1001 &3491605194398247583
PrefabInstance:
  m_ObjectHideFlags: 0
  serializedVersion: 2
  m_Modification:
    m_TransformParent: {fileID: 3589372147148065846}
    m_Modifications:
    - target: {fileID: -4216859302048453862, guid: 62952489abd994cd19b1da652c090a88,
        type: 3}
      propertyPath: m_LocalPosition.x
      value: 0.009887695
      objectReference: {fileID: 0}
    - target: {fileID: -4216859302048453862, guid: 62952489abd994cd19b1da652c090a88,
        type: 3}
      propertyPath: m_LocalPosition.y
      value: -0.00024414062
      objectReference: {fileID: 0}
    - target: {fileID: -4216859302048453862, guid: 62952489abd994cd19b1da652c090a88,
        type: 3}
      propertyPath: m_LocalPosition.z
      value: -0.262249
      objectReference: {fileID: 0}
    - target: {fileID: -4216859302048453862, guid: 62952489abd994cd19b1da652c090a88,
        type: 3}
      propertyPath: m_LocalRotation.x
      value: -0.12284181
      objectReference: {fileID: 0}
    - target: {fileID: -4216859302048453862, guid: 62952489abd994cd19b1da652c090a88,
        type: 3}
      propertyPath: m_LocalRotation.y
      value: -0.6464112
      objectReference: {fileID: 0}
    - target: {fileID: -4216859302048453862, guid: 62952489abd994cd19b1da652c090a88,
        type: 3}
      propertyPath: m_LocalRotation.z
      value: -0.18179378
      objectReference: {fileID: 0}
    - target: {fileID: -4216859302048453862, guid: 62952489abd994cd19b1da652c090a88,
        type: 3}
      propertyPath: m_LocalRotation.w
      value: 0.73076236
      objectReference: {fileID: 0}
    - target: {fileID: -4216859302048453862, guid: 62952489abd994cd19b1da652c090a88,
        type: 3}
      propertyPath: m_RootOrder
      value: 1
      objectReference: {fileID: 0}
    - target: {fileID: -4216859302048453862, guid: 62952489abd994cd19b1da652c090a88,
        type: 3}
      propertyPath: m_LocalEulerAnglesHint.x
      value: -24.492
      objectReference: {fileID: 0}
    - target: {fileID: -4216859302048453862, guid: 62952489abd994cd19b1da652c090a88,
        type: 3}
      propertyPath: m_LocalEulerAnglesHint.y
      value: -81.524
      objectReference: {fileID: 0}
    - target: {fileID: -4216859302048453862, guid: 62952489abd994cd19b1da652c090a88,
        type: 3}
      propertyPath: m_LocalEulerAnglesHint.z
      value: -6.7450004
      objectReference: {fileID: 0}
    - target: {fileID: -4216859302048453862, guid: 62952489abd994cd19b1da652c090a88,
        type: 3}
      propertyPath: m_LocalScale.x
      value: 52.32257
      objectReference: {fileID: 0}
    - target: {fileID: -4216859302048453862, guid: 62952489abd994cd19b1da652c090a88,
        type: 3}
      propertyPath: m_LocalScale.y
      value: 52.32258
      objectReference: {fileID: 0}
    - target: {fileID: -4216859302048453862, guid: 62952489abd994cd19b1da652c090a88,
        type: 3}
      propertyPath: m_LocalScale.z
      value: 52.322575
      objectReference: {fileID: 0}
    - target: {fileID: -1504981713932161579, guid: 62952489abd994cd19b1da652c090a88,
        type: 3}
      propertyPath: m_Materials.Array.data[0]
      value: 
      objectReference: {fileID: 2100000, guid: 6318649e3066648ef897bb1011fcfbc7, type: 2}
    - target: {fileID: -927199367670048503, guid: 62952489abd994cd19b1da652c090a88,
        type: 3}
      propertyPath: m_Name
      value: Skull (73)
      objectReference: {fileID: 0}
    - target: {fileID: -927199367670048503, guid: 62952489abd994cd19b1da652c090a88,
        type: 3}
      propertyPath: m_StaticEditorFlags
      value: 0
      objectReference: {fileID: 0}
    m_RemovedComponents: []
  m_SourcePrefab: {fileID: 100100000, guid: 62952489abd994cd19b1da652c090a88, type: 3}
--- !u!4 &8434706237477454213 stripped
Transform:
  m_CorrespondingSourceObject: {fileID: -4216859302048453862, guid: 62952489abd994cd19b1da652c090a88,
    type: 3}
  m_PrefabInstance: {fileID: 3491605194398247583}
  m_PrefabAsset: {fileID: 0}
--- !u!1001 &3491605195218557511
PrefabInstance:
  m_ObjectHideFlags: 0
  serializedVersion: 2
  m_Modification:
    m_TransformParent: {fileID: 3589372147148065846}
    m_Modifications:
    - target: {fileID: -4216859302048453862, guid: 62952489abd994cd19b1da652c090a88,
        type: 3}
      propertyPath: m_LocalPosition.x
      value: -0.03894043
      objectReference: {fileID: 0}
    - target: {fileID: -4216859302048453862, guid: 62952489abd994cd19b1da652c090a88,
        type: 3}
      propertyPath: m_LocalPosition.y
      value: 0.043762207
      objectReference: {fileID: 0}
    - target: {fileID: -4216859302048453862, guid: 62952489abd994cd19b1da652c090a88,
        type: 3}
      propertyPath: m_LocalPosition.z
      value: -0.5182495
      objectReference: {fileID: 0}
    - target: {fileID: -4216859302048453862, guid: 62952489abd994cd19b1da652c090a88,
        type: 3}
      propertyPath: m_LocalRotation.x
      value: -0.14550628
      objectReference: {fileID: 0}
    - target: {fileID: -4216859302048453862, guid: 62952489abd994cd19b1da652c090a88,
        type: 3}
      propertyPath: m_LocalRotation.y
      value: -0.74814445
      objectReference: {fileID: 0}
    - target: {fileID: -4216859302048453862, guid: 62952489abd994cd19b1da652c090a88,
        type: 3}
      propertyPath: m_LocalRotation.z
      value: -0.1630844
      objectReference: {fileID: 0}
    - target: {fileID: -4216859302048453862, guid: 62952489abd994cd19b1da652c090a88,
        type: 3}
      propertyPath: m_LocalRotation.w
      value: 0.6265072
      objectReference: {fileID: 0}
    - target: {fileID: -4216859302048453862, guid: 62952489abd994cd19b1da652c090a88,
        type: 3}
      propertyPath: m_RootOrder
      value: 0
      objectReference: {fileID: 0}
    - target: {fileID: -4216859302048453862, guid: 62952489abd994cd19b1da652c090a88,
        type: 3}
      propertyPath: m_LocalEulerAnglesHint.x
      value: -25.236002
      objectReference: {fileID: 0}
    - target: {fileID: -4216859302048453862, guid: 62952489abd994cd19b1da652c090a88,
        type: 3}
      propertyPath: m_LocalEulerAnglesHint.y
      value: -100.303
      objectReference: {fileID: 0}
    - target: {fileID: -4216859302048453862, guid: 62952489abd994cd19b1da652c090a88,
        type: 3}
      propertyPath: m_LocalEulerAnglesHint.z
      value: 0.84700006
      objectReference: {fileID: 0}
    - target: {fileID: -4216859302048453862, guid: 62952489abd994cd19b1da652c090a88,
        type: 3}
      propertyPath: m_LocalScale.x
      value: 48.44683
      objectReference: {fileID: 0}
    - target: {fileID: -4216859302048453862, guid: 62952489abd994cd19b1da652c090a88,
        type: 3}
      propertyPath: m_LocalScale.y
      value: 48.446827
      objectReference: {fileID: 0}
    - target: {fileID: -4216859302048453862, guid: 62952489abd994cd19b1da652c090a88,
        type: 3}
      propertyPath: m_LocalScale.z
      value: 48.446835
      objectReference: {fileID: 0}
    - target: {fileID: -1504981713932161579, guid: 62952489abd994cd19b1da652c090a88,
        type: 3}
      propertyPath: m_Materials.Array.data[0]
      value: 
      objectReference: {fileID: 2100000, guid: 6318649e3066648ef897bb1011fcfbc7, type: 2}
    - target: {fileID: -927199367670048503, guid: 62952489abd994cd19b1da652c090a88,
        type: 3}
      propertyPath: m_Name
      value: Skull (74)
      objectReference: {fileID: 0}
    - target: {fileID: -927199367670048503, guid: 62952489abd994cd19b1da652c090a88,
        type: 3}
      propertyPath: m_StaticEditorFlags
      value: 0
      objectReference: {fileID: 0}
    m_RemovedComponents: []
  m_SourcePrefab: {fileID: 100100000, guid: 62952489abd994cd19b1da652c090a88, type: 3}
--- !u!4 &8434706238279823709 stripped
Transform:
  m_CorrespondingSourceObject: {fileID: -4216859302048453862, guid: 62952489abd994cd19b1da652c090a88,
    type: 3}
  m_PrefabInstance: {fileID: 3491605195218557511}
  m_PrefabAsset: {fileID: 0}
