%YAML 1.1
%TAG !u! tag:unity3d.com,2011:
--- !u!1 &385587731852787016
GameObject:
  m_ObjectHideFlags: 0
  m_CorrespondingSourceObject: {fileID: 0}
  m_PrefabInstance: {fileID: 0}
  m_PrefabAsset: {fileID: 0}
  serializedVersion: 6
  m_Component:
  - component: {fileID: 45241439227217205}
  - component: {fileID: 2366720338475504117}
  - component: {fileID: 1980962047}
  - component: {fileID: 1980962049}
  m_Layer: 0
  m_Name: Crossbow
  m_TagString: Untagged
  m_Icon: {fileID: 0}
  m_NavMeshLayer: 0
  m_StaticEditorFlags: 0
  m_IsActive: 1
--- !u!4 &45241439227217205
Transform:
  m_ObjectHideFlags: 0
  m_CorrespondingSourceObject: {fileID: 0}
  m_PrefabInstance: {fileID: 0}
  m_PrefabAsset: {fileID: 0}
  m_GameObject: {fileID: 385587731852787016}
  m_LocalRotation: {x: 0, y: 0, z: 0, w: 1}
  m_LocalPosition: {x: 44.753174, y: -0.58898926, z: -0.4851303}
  m_LocalScale: {x: 2, y: 2, z: 2}
  m_Children:
  - {fileID: 3471576026006711513}
  m_Father: {fileID: 0}
  m_RootOrder: 0
  m_LocalEulerAnglesHint: {x: 0, y: 0, z: 0}
--- !u!114 &2366720338475504117
MonoBehaviour:
  m_ObjectHideFlags: 0
  m_CorrespondingSourceObject: {fileID: 0}
  m_PrefabInstance: {fileID: 0}
  m_PrefabAsset: {fileID: 0}
  m_GameObject: {fileID: 385587731852787016}
  m_Enabled: 1
  m_EditorHideFlags: 0
  m_Script: {fileID: 11500000, guid: 8b7f782d20050f84ba0a271b517b1fbf, type: 3}
  m_Name: 
  m_EditorClassIdentifier: 
  _rotationSpeed: 50
--- !u!65 &1980962047
BoxCollider:
  m_ObjectHideFlags: 0
  m_CorrespondingSourceObject: {fileID: 0}
  m_PrefabInstance: {fileID: 0}
  m_PrefabAsset: {fileID: 0}
  m_GameObject: {fileID: 385587731852787016}
  m_Material: {fileID: 0}
  m_IsTrigger: 1
  m_Enabled: 1
  serializedVersion: 2
  m_Size: {x: 0.5463867, y: 0.573822, z: 0.41796875}
  m_Center: {x: -0.020202637, y: 0.14094543, z: -0.06762695}
--- !u!114 &1980962049
MonoBehaviour:
  m_ObjectHideFlags: 0
  m_CorrespondingSourceObject: {fileID: 0}
  m_PrefabInstance: {fileID: 0}
  m_PrefabAsset: {fileID: 0}
  m_GameObject: {fileID: 385587731852787016}
  m_Enabled: 1
  m_EditorHideFlags: 0
  m_Script: {fileID: 11500000, guid: f7bb8b8dcda9fa74fb949aff6365136e, type: 3}
  m_Name: 
  m_EditorClassIdentifier: 
  _posInteractTxt: 
  _negInteractTxt: 
  _thisObjWillRespawn: 0
  _enableInventoryOnPickup: 1
  _crossbowUIElementsToEnable:
  - {fileID: 0}
  - {fileID: 0}
--- !u!1001 &8455280487294683075
PrefabInstance:
  m_ObjectHideFlags: 0
  serializedVersion: 2
  m_Modification:
    m_TransformParent: {fileID: 45241439227217205}
    m_Modifications:
    - target: {fileID: -4216859302048453862, guid: 1be1a45e0cac34fec9e09f1e36580fb0,
        type: 3}
      propertyPath: m_LocalPosition.x
      value: 0
      objectReference: {fileID: 0}
    - target: {fileID: -4216859302048453862, guid: 1be1a45e0cac34fec9e09f1e36580fb0,
        type: 3}
      propertyPath: m_LocalPosition.y
      value: 0
      objectReference: {fileID: 0}
    - target: {fileID: -4216859302048453862, guid: 1be1a45e0cac34fec9e09f1e36580fb0,
        type: 3}
      propertyPath: m_LocalPosition.z
      value: 0
      objectReference: {fileID: 0}
    - target: {fileID: -4216859302048453862, guid: 1be1a45e0cac34fec9e09f1e36580fb0,
        type: 3}
      propertyPath: m_LocalRotation.x
      value: -0
      objectReference: {fileID: 0}
    - target: {fileID: -4216859302048453862, guid: 1be1a45e0cac34fec9e09f1e36580fb0,
        type: 3}
      propertyPath: m_LocalRotation.y
      value: 0.7069834
      objectReference: {fileID: 0}
    - target: {fileID: -4216859302048453862, guid: 1be1a45e0cac34fec9e09f1e36580fb0,
        type: 3}
      propertyPath: m_LocalRotation.z
      value: 0.7072302
      objectReference: {fileID: 0}
    - target: {fileID: -4216859302048453862, guid: 1be1a45e0cac34fec9e09f1e36580fb0,
        type: 3}
      propertyPath: m_LocalRotation.w
      value: 0
      objectReference: {fileID: 0}
    - target: {fileID: -4216859302048453862, guid: 1be1a45e0cac34fec9e09f1e36580fb0,
        type: 3}
      propertyPath: m_RootOrder
      value: 0
      objectReference: {fileID: 0}
    - target: {fileID: -4216859302048453862, guid: 1be1a45e0cac34fec9e09f1e36580fb0,
        type: 3}
      propertyPath: m_LocalEulerAnglesHint.x
      value: -89.98
      objectReference: {fileID: 0}
    - target: {fileID: -4216859302048453862, guid: 1be1a45e0cac34fec9e09f1e36580fb0,
        type: 3}
      propertyPath: m_LocalEulerAnglesHint.y
      value: 0
      objectReference: {fileID: 0}
    - target: {fileID: -4216859302048453862, guid: 1be1a45e0cac34fec9e09f1e36580fb0,
        type: 3}
      propertyPath: m_LocalEulerAnglesHint.z
      value: 180
      objectReference: {fileID: 0}
    - target: {fileID: -4216859302048453862, guid: 1be1a45e0cac34fec9e09f1e36580fb0,
        type: 3}
      propertyPath: m_LocalScale.x
      value: 49.511826
      objectReference: {fileID: 0}
    - target: {fileID: -4216859302048453862, guid: 1be1a45e0cac34fec9e09f1e36580fb0,
        type: 3}
      propertyPath: m_LocalScale.y
      value: 49.51182
      objectReference: {fileID: 0}
    - target: {fileID: -4216859302048453862, guid: 1be1a45e0cac34fec9e09f1e36580fb0,
        type: 3}
      propertyPath: m_LocalScale.z
      value: 49.51182
      objectReference: {fileID: 0}
    - target: {fileID: -1504981713932161579, guid: 1be1a45e0cac34fec9e09f1e36580fb0,
        type: 3}
      propertyPath: m_Materials.Array.data[0]
      value: 
      objectReference: {fileID: 2100000, guid: e0a6e93a6e66e470bb33e21a8fb0e4c1, type: 2}
    - target: {fileID: -927199367670048503, guid: 1be1a45e0cac34fec9e09f1e36580fb0,
        type: 3}
      propertyPath: m_Name
      value: Crossbow
      objectReference: {fileID: 0}
    m_RemovedComponents: []
  m_SourcePrefab: {fileID: 100100000, guid: 1be1a45e0cac34fec9e09f1e36580fb0, type: 3}
--- !u!4 &3471576026006711513 stripped
Transform:
  m_CorrespondingSourceObject: {fileID: -4216859302048453862, guid: 1be1a45e0cac34fec9e09f1e36580fb0,
    type: 3}
  m_PrefabInstance: {fileID: 8455280487294683075}
  m_PrefabAsset: {fileID: 0}
--- !u!1001 &9202737685901633881
PrefabInstance:
  m_ObjectHideFlags: 0
  serializedVersion: 2
  m_Modification:
    m_TransformParent: {fileID: 3471576026006711513}
    m_Modifications:
    - target: {fileID: -4216859302048453862, guid: 1be1a45e0cac34fec9e09f1e36580fb0,
        type: 3}
      propertyPath: m_LocalPosition.x
      value: 0
      objectReference: {fileID: 0}
    - target: {fileID: -4216859302048453862, guid: 1be1a45e0cac34fec9e09f1e36580fb0,
        type: 3}
      propertyPath: m_LocalPosition.y
      value: 0
      objectReference: {fileID: 0}
    - target: {fileID: -4216859302048453862, guid: 1be1a45e0cac34fec9e09f1e36580fb0,
        type: 3}
      propertyPath: m_LocalPosition.z
      value: -0.003695752
      objectReference: {fileID: 0}
    - target: {fileID: -4216859302048453862, guid: 1be1a45e0cac34fec9e09f1e36580fb0,
        type: 3}
      propertyPath: m_LocalRotation.x
      value: -0
      objectReference: {fileID: 0}
    - target: {fileID: -4216859302048453862, guid: 1be1a45e0cac34fec9e09f1e36580fb0,
        type: 3}
      propertyPath: m_LocalRotation.y
      value: -0
      objectReference: {fileID: 0}
    - target: {fileID: -4216859302048453862, guid: 1be1a45e0cac34fec9e09f1e36580fb0,
        type: 3}
      propertyPath: m_LocalRotation.z
      value: -0
      objectReference: {fileID: 0}
    - target: {fileID: -4216859302048453862, guid: 1be1a45e0cac34fec9e09f1e36580fb0,
        type: 3}
      propertyPath: m_LocalRotation.w
      value: 1
      objectReference: {fileID: 0}
    - target: {fileID: -4216859302048453862, guid: 1be1a45e0cac34fec9e09f1e36580fb0,
        type: 3}
      propertyPath: m_RootOrder
      value: 0
      objectReference: {fileID: 0}
    - target: {fileID: -4216859302048453862, guid: 1be1a45e0cac34fec9e09f1e36580fb0,
        type: 3}
      propertyPath: m_LocalEulerAnglesHint.x
      value: -89.98
      objectReference: {fileID: 0}
    - target: {fileID: -4216859302048453862, guid: 1be1a45e0cac34fec9e09f1e36580fb0,
        type: 3}
      propertyPath: m_LocalEulerAnglesHint.y
      value: 0
      objectReference: {fileID: 0}
    - target: {fileID: -4216859302048453862, guid: 1be1a45e0cac34fec9e09f1e36580fb0,
        type: 3}
      propertyPath: m_LocalEulerAnglesHint.z
      value: 180
      objectReference: {fileID: 0}
    - target: {fileID: -4216859302048453862, guid: 1be1a45e0cac34fec9e09f1e36580fb0,
        type: 3}
      propertyPath: m_LocalScale.x
      value: 0.62375
      objectReference: {fileID: 0}
    - target: {fileID: -4216859302048453862, guid: 1be1a45e0cac34fec9e09f1e36580fb0,
        type: 3}
      propertyPath: m_LocalScale.y
      value: 1
      objectReference: {fileID: 0}
    - target: {fileID: -4216859302048453862, guid: 1be1a45e0cac34fec9e09f1e36580fb0,
        type: 3}
      propertyPath: m_LocalScale.z
      value: 0
      objectReference: {fileID: 0}
    - target: {fileID: -1504981713932161579, guid: 1be1a45e0cac34fec9e09f1e36580fb0,
        type: 3}
      propertyPath: m_Materials.Array.data[0]
      value: 
      objectReference: {fileID: 2100000, guid: 2c5eccda0143040baa609796c6f690a3, type: 2}
    - target: {fileID: -927199367670048503, guid: 1be1a45e0cac34fec9e09f1e36580fb0,
        type: 3}
      propertyPath: m_Name
      value: Crossbow (1)
      objectReference: {fileID: 0}
    m_RemovedComponents: []
  m_SourcePrefab: {fileID: 100100000, guid: 1be1a45e0cac34fec9e09f1e36580fb0, type: 3}
