%YAML 1.1
%TAG !u! tag:unity3d.com,2011:
--- !u!1 &6660839984120969283
GameObject:
  m_ObjectHideFlags: 0
  m_CorrespondingSourceObject: {fileID: 0}
  m_PrefabInstance: {fileID: 0}
  m_PrefabAsset: {fileID: 0}
  serializedVersion: 6
  m_Component:
  - component: {fileID: 3692577198539395200}
  - component: {fileID: 4394571326467861802}
  m_Layer: 0
  m_Name: Shortsword
  m_TagString: Untagged
  m_Icon: {fileID: 0}
  m_NavMeshLayer: 0
  m_StaticEditorFlags: 0
  m_IsActive: 1
--- !u!4 &3692577198539395200
Transform:
  m_ObjectHideFlags: 0
  m_CorrespondingSourceObject: {fileID: 0}
  m_PrefabInstance: {fileID: 0}
  m_PrefabAsset: {fileID: 0}
  m_GameObject: {fileID: 6660839984120969283}
  m_LocalRotation: {x: 0, y: 0, z: 0, w: 1}
  m_LocalPosition: {x: 987.89514, y: 719.96, z: 148.12932}
  m_LocalScale: {x: 1, y: 1, z: 1}
  m_Children:
  - {fileID: 6060990620518945410}
  - {fileID: 1278656094502921901}
  m_Father: {fileID: 0}
  m_RootOrder: 0
  m_LocalEulerAnglesHint: {x: 0, y: 0, z: 0}
--- !u!114 &4394571326467861802
MonoBehaviour:
  m_ObjectHideFlags: 0
  m_CorrespondingSourceObject: {fileID: 0}
  m_PrefabInstance: {fileID: 0}
  m_PrefabAsset: {fileID: 0}
  m_GameObject: {fileID: 6660839984120969283}
  m_Enabled: 1
  m_EditorHideFlags: 0
  m_Script: {fileID: 11500000, guid: 8b7f782d20050f84ba0a271b517b1fbf, type: 3}
  m_Name: 
  m_EditorClassIdentifier: 
  _rotationSpeed: 50
--- !u!1001 &1253762207898417560
PrefabInstance:
  m_ObjectHideFlags: 0
  serializedVersion: 2
  m_Modification:
    m_TransformParent: {fileID: 3692577198539395200}
    m_Modifications:
    - target: {fileID: -4216859302048453862, guid: 98c7723f0d92048a892600a856ed26f8,
        type: 3}
      propertyPath: m_LocalPosition.x
      value: 0
      objectReference: {fileID: 0}
    - target: {fileID: -4216859302048453862, guid: 98c7723f0d92048a892600a856ed26f8,
        type: 3}
      propertyPath: m_LocalPosition.y
      value: 0
      objectReference: {fileID: 0}
    - target: {fileID: -4216859302048453862, guid: 98c7723f0d92048a892600a856ed26f8,
        type: 3}
      propertyPath: m_LocalPosition.z
      value: 0
      objectReference: {fileID: 0}
    - target: {fileID: -4216859302048453862, guid: 98c7723f0d92048a892600a856ed26f8,
        type: 3}
      propertyPath: m_LocalRotation.x
      value: -0.7071068
      objectReference: {fileID: 0}
    - target: {fileID: -4216859302048453862, guid: 98c7723f0d92048a892600a856ed26f8,
        type: 3}
      propertyPath: m_LocalRotation.y
      value: -0
      objectReference: {fileID: 0}
    - target: {fileID: -4216859302048453862, guid: 98c7723f0d92048a892600a856ed26f8,
        type: 3}
      propertyPath: m_LocalRotation.z
      value: -0
      objectReference: {fileID: 0}
    - target: {fileID: -4216859302048453862, guid: 98c7723f0d92048a892600a856ed26f8,
        type: 3}
      propertyPath: m_LocalRotation.w
      value: 0.7071067
      objectReference: {fileID: 0}
    - target: {fileID: -4216859302048453862, guid: 98c7723f0d92048a892600a856ed26f8,
        type: 3}
      propertyPath: m_RootOrder
      value: 0
      objectReference: {fileID: 0}
    - target: {fileID: -4216859302048453862, guid: 98c7723f0d92048a892600a856ed26f8,
        type: 3}
      propertyPath: m_LocalEulerAnglesHint.x
      value: 0
      objectReference: {fileID: 0}
    - target: {fileID: -4216859302048453862, guid: 98c7723f0d92048a892600a856ed26f8,
        type: 3}
      propertyPath: m_LocalEulerAnglesHint.y
      value: 0
      objectReference: {fileID: 0}
    - target: {fileID: -4216859302048453862, guid: 98c7723f0d92048a892600a856ed26f8,
        type: 3}
      propertyPath: m_LocalEulerAnglesHint.z
      value: 0
      objectReference: {fileID: 0}
    - target: {fileID: -4216859302048453862, guid: 98c7723f0d92048a892600a856ed26f8,
        type: 3}
      propertyPath: m_LocalScale.x
      value: 5
      objectReference: {fileID: 0}
    - target: {fileID: -4216859302048453862, guid: 98c7723f0d92048a892600a856ed26f8,
        type: 3}
      propertyPath: m_LocalScale.y
      value: 5
      objectReference: {fileID: 0}
    - target: {fileID: -4216859302048453862, guid: 98c7723f0d92048a892600a856ed26f8,
        type: 3}
      propertyPath: m_LocalScale.z
      value: 5
      objectReference: {fileID: 0}
    - target: {fileID: -1504981713932161579, guid: 98c7723f0d92048a892600a856ed26f8,
        type: 3}
      propertyPath: m_Materials.Array.data[0]
      value: 
      objectReference: {fileID: 2100000, guid: db0b336b05b684c2b8f7024a4b89d06a, type: 2}
    - target: {fileID: -927199367670048503, guid: 98c7723f0d92048a892600a856ed26f8,
        type: 3}
      propertyPath: m_Name
      value: Shortsword
      objectReference: {fileID: 0}
    m_RemovedComponents: []
  m_SourcePrefab: {fileID: 100100000, guid: 98c7723f0d92048a892600a856ed26f8, type: 3}
--- !u!4 &6060990620518945410 stripped
Transform:
  m_CorrespondingSourceObject: {fileID: -4216859302048453862, guid: 98c7723f0d92048a892600a856ed26f8,
    type: 3}
  m_PrefabInstance: {fileID: 1253762207898417560}
  m_PrefabAsset: {fileID: 0}
--- !u!1001 &6108013866554592695
PrefabInstance:
  m_ObjectHideFlags: 0
  serializedVersion: 2
  m_Modification:
    m_TransformParent: {fileID: 3692577198539395200}
    m_Modifications:
    - target: {fileID: -4216859302048453862, guid: 98c7723f0d92048a892600a856ed26f8,
        type: 3}
      propertyPath: m_LocalPosition.x
      value: 0
      objectReference: {fileID: 0}
    - target: {fileID: -4216859302048453862, guid: 98c7723f0d92048a892600a856ed26f8,
        type: 3}
      propertyPath: m_LocalPosition.y
      value: -0.272
      objectReference: {fileID: 0}
    - target: {fileID: -4216859302048453862, guid: 98c7723f0d92048a892600a856ed26f8,
        type: 3}
      propertyPath: m_LocalPosition.z
      value: 0
      objectReference: {fileID: 0}
    - target: {fileID: -4216859302048453862, guid: 98c7723f0d92048a892600a856ed26f8,
        type: 3}
      propertyPath: m_LocalRotation.x
      value: -0.7071068
      objectReference: {fileID: 0}
    - target: {fileID: -4216859302048453862, guid: 98c7723f0d92048a892600a856ed26f8,
        type: 3}
      propertyPath: m_LocalRotation.y
      value: -0
      objectReference: {fileID: 0}
    - target: {fileID: -4216859302048453862, guid: 98c7723f0d92048a892600a856ed26f8,
        type: 3}
      propertyPath: m_LocalRotation.z
      value: -0
      objectReference: {fileID: 0}
    - target: {fileID: -4216859302048453862, guid: 98c7723f0d92048a892600a856ed26f8,
        type: 3}
      propertyPath: m_LocalRotation.w
      value: 0.7071067
      objectReference: {fileID: 0}
    - target: {fileID: -4216859302048453862, guid: 98c7723f0d92048a892600a856ed26f8,
        type: 3}
      propertyPath: m_RootOrder
      value: 1
      objectReference: {fileID: 0}
    - target: {fileID: -4216859302048453862, guid: 98c7723f0d92048a892600a856ed26f8,
        type: 3}
      propertyPath: m_LocalEulerAnglesHint.x
      value: 0
      objectReference: {fileID: 0}
    - target: {fileID: -4216859302048453862, guid: 98c7723f0d92048a892600a856ed26f8,
        type: 3}
      propertyPath: m_LocalEulerAnglesHint.y
      value: 0
      objectReference: {fileID: 0}
    - target: {fileID: -4216859302048453862, guid: 98c7723f0d92048a892600a856ed26f8,
        type: 3}
      propertyPath: m_LocalEulerAnglesHint.z
      value: 0
      objectReference: {fileID: 0}
    - target: {fileID: -4216859302048453862, guid: 98c7723f0d92048a892600a856ed26f8,
        type: 3}
      propertyPath: m_LocalScale.x
      value: 5
      objectReference: {fileID: 0}
    - target: {fileID: -4216859302048453862, guid: 98c7723f0d92048a892600a856ed26f8,
        type: 3}
      propertyPath: m_LocalScale.y
      value: 5
      objectReference: {fileID: 0}
    - target: {fileID: -4216859302048453862, guid: 98c7723f0d92048a892600a856ed26f8,
        type: 3}
      propertyPath: m_LocalScale.z
      value: 0
      objectReference: {fileID: 0}
    - target: {fileID: -1504981713932161579, guid: 98c7723f0d92048a892600a856ed26f8,
        type: 3}
      propertyPath: m_Materials.Array.data[0]
      value: 
      objectReference: {fileID: 2100000, guid: 2c5eccda0143040baa609796c6f690a3, type: 2}
    - target: {fileID: -927199367670048503, guid: 98c7723f0d92048a892600a856ed26f8,
        type: 3}
      propertyPath: m_Name
      value: Shortsword (1)
      objectReference: {fileID: 0}
    m_RemovedComponents: []
  m_SourcePrefab: {fileID: 100100000, guid: 98c7723f0d92048a892600a856ed26f8, type: 3}
--- !u!4 &1278656094502921901 stripped
Transform:
  m_CorrespondingSourceObject: {fileID: -4216859302048453862, guid: 98c7723f0d92048a892600a856ed26f8,
    type: 3}
  m_PrefabInstance: {fileID: 6108013866554592695}
  m_PrefabAsset: {fileID: 0}
