%YAML 1.1
%TAG !u! tag:unity3d.com,2011:
--- !u!1 &3708238392203730980
GameObject:
  m_ObjectHideFlags: 0
  m_CorrespondingSourceObject: {fileID: 0}
  m_PrefabInstance: {fileID: 0}
  m_PrefabAsset: {fileID: 0}
  serializedVersion: 6
  m_Component:
  - component: {fileID: 3708238392203730986}
  - component: {fileID: 3708238392203730983}
  - component: {fileID: 3708238392203730981}
  - component: {fileID: 3708238392203730982}
  m_Layer: 0
  m_Name: HalflingSwordPickup
  m_TagString: Untagged
  m_Icon: {fileID: 0}
  m_NavMeshLayer: 0
  m_StaticEditorFlags: 0
  m_IsActive: 1
--- !u!4 &3708238392203730986
Transform:
  m_ObjectHideFlags: 0
  m_CorrespondingSourceObject: {fileID: 0}
  m_PrefabInstance: {fileID: 0}
  m_PrefabAsset: {fileID: 0}
  m_GameObject: {fileID: 3708238392203730980}
  m_LocalRotation: {x: 0, y: 0, z: 0, w: 1}
  m_LocalPosition: {x: 1043.317, y: 718.51, z: 190.98355}
  m_LocalScale: {x: 1, y: 1, z: 1}
  m_Children:
  - {fileID: 3708238393256613648}
  m_Father: {fileID: 0}
  m_RootOrder: 0
  m_LocalEulerAnglesHint: {x: 0, y: 0, z: 0}
--- !u!65 &3708238392203730983
BoxCollider:
  m_ObjectHideFlags: 0
  m_CorrespondingSourceObject: {fileID: 0}
  m_PrefabInstance: {fileID: 0}
  m_PrefabAsset: {fileID: 0}
  m_GameObject: {fileID: 3708238392203730980}
  m_Material: {fileID: 0}
  m_IsTrigger: 0
  m_Enabled: 1
  serializedVersion: 2
  m_Size: {x: 0.81591797, y: 2.3963623, z: 0.65371704}
  m_Center: {x: 0.003540039, y: 0.69818115, z: 0.050369263}
--- !u!114 &3708238392203730981
MonoBehaviour:
  m_ObjectHideFlags: 0
  m_CorrespondingSourceObject: {fileID: 0}
  m_PrefabInstance: {fileID: 0}
  m_PrefabAsset: {fileID: 0}
  m_GameObject: {fileID: 3708238392203730980}
  m_Enabled: 1
  m_EditorHideFlags: 0
  m_Script: {fileID: 11500000, guid: 8b7f782d20050f84ba0a271b517b1fbf, type: 3}
  m_Name: 
  m_EditorClassIdentifier: 
  _rotationSpeed: 50
--- !u!114 &3708238392203730982
MonoBehaviour:
  m_ObjectHideFlags: 0
  m_CorrespondingSourceObject: {fileID: 0}
  m_PrefabInstance: {fileID: 0}
  m_PrefabAsset: {fileID: 0}
  m_GameObject: {fileID: 3708238392203730980}
  m_Enabled: 1
  m_EditorHideFlags: 0
  m_Script: {fileID: 11500000, guid: ee08dd51eae0c7949a60eff79b401e85, type: 3}
  m_Name: 
  m_EditorClassIdentifier: 
  _posInteractTxt: This will come in handy
  _negInteractTxt: 
  _thisObjWillRespawn: 0
  _SFXPath: 
  _swordRef: {fileID: 0}
  _playerHands: {fileID: 0}
--- !u!1 &3708238393256613651
GameObject:
  m_ObjectHideFlags: 0
  m_CorrespondingSourceObject: {fileID: 0}
  m_PrefabInstance: {fileID: 0}
  m_PrefabAsset: {fileID: 0}
  serializedVersion: 6
  m_Component:
  - component: {fileID: 3708238393256613648}
  - component: {fileID: 3708238393256613654}
  - component: {fileID: 3708238393256613649}
  m_Layer: 0
  m_Name: HobbitSword
  m_TagString: Untagged
  m_Icon: {fileID: 0}
  m_NavMeshLayer: 0
  m_StaticEditorFlags: 0
  m_IsActive: 1
--- !u!4 &3708238393256613648
Transform:
  m_ObjectHideFlags: 0
  m_CorrespondingSourceObject: {fileID: 0}
  m_PrefabInstance: {fileID: 0}
  m_PrefabAsset: {fileID: 0}
  m_GameObject: {fileID: 3708238393256613651}
  m_LocalRotation: {x: -0.09543852, y: -0.07296827, z: -0.6029769, w: 0.7886609}
  m_LocalPosition: {x: 0.003, y: 0.22, z: 0.017}
  m_LocalScale: {x: 5, y: 5, z: 5}
  m_Children: []
  m_Father: {fileID: 3708238392203730986}
  m_RootOrder: 0
  m_LocalEulerAnglesHint: {x: -13.8, y: 0, z: -74.8}
--- !u!33 &3708238393256613654
MeshFilter:
  m_ObjectHideFlags: 0
  m_CorrespondingSourceObject: {fileID: 0}
  m_PrefabInstance: {fileID: 0}
  m_PrefabAsset: {fileID: 0}
  m_GameObject: {fileID: 3708238393256613651}
  m_Mesh: {fileID: 8987358178010839301, guid: dec06390f886c40b6982c0a5188d8908, type: 3}
--- !u!23 &3708238393256613649
MeshRenderer:
  m_ObjectHideFlags: 0
  m_CorrespondingSourceObject: {fileID: 0}
  m_PrefabInstance: {fileID: 0}
  m_PrefabAsset: {fileID: 0}
  m_GameObject: {fileID: 3708238393256613651}
  m_Enabled: 1
  m_CastShadows: 1
  m_ReceiveShadows: 1
  m_DynamicOccludee: 1
  m_MotionVectors: 1
  m_LightProbeUsage: 1
  m_ReflectionProbeUsage: 1
  m_RayTracingMode: 2
  m_RenderingLayerMask: 1
  m_RendererPriority: 0
  m_Materials:
  - {fileID: 2100000, guid: 2348018ab5ceb3c4ab1af169c1aa63aa, type: 2}
  m_StaticBatchInfo:
    firstSubMesh: 0
    subMeshCount: 0
  m_StaticBatchRoot: {fileID: 0}
  m_ProbeAnchor: {fileID: 0}
  m_LightProbeVolumeOverride: {fileID: 0}
  m_ScaleInLightmap: 1
  m_ReceiveGI: 1
  m_PreserveUVs: 0
  m_IgnoreNormalsForChartDetection: 0
  m_ImportantGI: 0
  m_StitchLightmapSeams: 1
  m_SelectedEditorRenderState: 3
  m_MinimumChartSize: 4
  m_AutoUVMaxDistance: 0.5
  m_AutoUVMaxAngle: 89
  m_LightmapParameters: {fileID: 0}
  m_SortingLayerID: 0
  m_SortingLayer: 0
  m_SortingOrder: 0
